@book{richards2001,
  title={Approaches and Methods in Language Teaching},
  author={Richards, Jack C. and Rodgers, Theodore S.},
  edition={2},
  publisher={Cambridge University Press},
  address={Cambridge},
  year={2001}
}

@book{mazucato2018,
  title={Metodologia da pesquisa e do trabalho científico},
  author={Mazucato, Thiago},
  editor={Mazucato, Thiago},
  edition={1},
  publisher={FUNEPE},
  address={Penápolis},
  year={2018}
}

@book{lewis1993,
  title={The Lexical Approach: The State of ELT and a Way Forward},
  author={Lewis, Michael},
  edition={1},
  publisher={THOMSON},
  address={Londres},
  year={1993}
}

@book{weiner2003,
  title={Handbook of Psychology: Volume 1, History of Psychology},
  author={Weiner, Irving B. and Freedheim, Donald K.},
  publisher={John Wiley \& Sons, Inc.},
  address={Hoboken, New Jersey},
  year={2003}
}

@article{torres_ramirez2012,
  author = {Torres Ramirez, Amelia},
  title = {The Lexical Approach: Collocability, Fluency and Implications for Teaching},
  journal = {Revista de lenguas para Fines Específicos},
  volume = {18},
  year = {2012},
  pages = {237-254},
  publisher = {Universidad de Las Palmas de Gran Canaria}
}

@phdthesis{smith2006,
  title={The Lexical Approach: Collocation in High School English Language Learners},
  author={Smith, Claire},
  school={George Fox University},
  year={2006},
  address={Ann Arbor, Michigan},
  publisher={ProQuest Information and Learning Company},
  type={PhD dissertation}
}

@book{anivan1990,
  title={Language Teaching Methodology for the Nineties},
  editor={Anivan, Sarinee},
  publisher={Southeast Asian Ministers of Education Organization Regional Language Centre},
  address={Singapore},
  year={1990}
}
